@Book{debnath,
  author = 	 {Lokenath Debnath and Piotr Mikusi\'{n}ski},
  ALTeditor = 	 {},
  title = 	 {Introduction to {H}ilbert {S}paces with {A}pplications},
  publisher = 	 {Elsevier Academic Press},
  year = 	 {2005},
  OPTkey = 	 {},
  volume = 	 {},
  OPTnumber = 	 {},
  series = 	 {},
  OPTaddress = 	 {},
  OPTedition = 	 {},
  OPTmonth = 	 {},
  OPTnote = 	 {},
  OPTannote = 	 {}
}

@misc{hsu,
  author = "Tim Hsu",
  title = "Supplemental {N}otes on {H}ilbert {S}paces",
  year = "2013",
  month = "December",
  note = "San Jos\'{e} State University"
}

@misc{wiki1,
  author = "Wikipedia",
  title = "Convolution --- {W}ikipedia{,} The {F}ree {E}ncyclopedia",
  year = "2017",
  url = "\url{https://en.wikipedia.org/wiki/Convolution}",
  note = "[Online; accessed 08-December-2017]"
}

@misc{wiki2,
  author = "Wikipedia",
  title = "Summability {Kernels} --- {W}ikipedia{,} The {F}ree {E}ncyclopedia",
  year = "2016",
  url = "\url{https://en.wikipedia.org/wiki/Summability_kernel}",
  note = "[Online; accessed 08-December-2017]"
}

@misc{wiki3,
  author = "Wikipedia",
  title = "Fej\'{e}r {K}ernel --- {W}ikipedia{,} The {F}ree {E}ncyclopedia",
  year = "2017",
  url = "\url{https://en.wikipedia.org/wiki/Fej\'{e}r_kernel}",
  note = "[Online; accessed 08-December-2017]"
}
