@book{starbird,
  author={Starbird, Michael and Su, Francis},
  title={Topology Through Inquiry},
  publisher={MAA Press},
  address={Providence, RI},
  year={2019}
}

@Book{munkres,
  author={Munkres, James R.},
  title={Topology},
  publisher={Pearson},
  address={New York, NY},
  year={2018}
}

@book{fraleigh,
  author={Fraleigh, John B.},
  title={A First Course in Abstract Algebra},
  publisher={Pearson},
  address={New York, NY},
  year={2003}
}
