@Book{walters,
  author = 	 {Elias Stein and Rami Shakarchi},
  ALTeditor = 	 {},
  title = 	 {Real Analysis: Measure Theory, Integration, and Hilbert
    Spaces},
  publisher = 	 {Princeton University Press},
  year = 	 {2005},
  OPTkey = 	 {},
  volume = 	 {},
  OPTnumber = 	 {},
  series = 	 {},
  OPTaddress = 	 {},
  OPTedition = 	 {},
  OPTmonth = 	 {},
  OPTnote = 	 {},
  OPTannote = 	 {}
}

@misc{wiki1,
  author = "Wikipedia",
  title = "Georg {C}antor --- {W}ikipedia{,} The {F}ree {E}ncyclopedia",
  year = "2016",
  url = "\url{https://en.wikipedia.org/wiki/Georg_Cantor}",
  note = "[Online; accessed 27-May-2016]"
}

@misc{wiki2,
  author = "Wikipedia",
  title = "David {H}ilbert --- {W}ikipedia{,} The {F}ree {E}ncyclopedia",
  year = "2016",
  url = "\url{https://en.wikipedia.org/wiki/David_Hilbert}",
  note = "[Online; accessed 27-May-2016]"
}

@misc{wiki3,
  author = "Wikipedia",
  title = "Guiseppe {P}eano --- {W}ikipedia{,} The {F}ree {E}ncyclopedia",
  year = "2016",
  url = "\url{https://en.wikipedia.org/wiki/Giuseppe_Peano}",
  note = "[Online; accessed 27-May-2016]"
}
